<?xml version="1.0" encoding="UTF-8"?><collection><record><leader>06494ntm a2200553 a 4500</leader><controlfield tag="001">006805232</controlfield><controlfield tag="003">MiAaHDL</controlfield><controlfield tag="005">20190719000000.0</controlfield><controlfield tag="006">m        d        </controlfield><controlfield tag="007">cr bn ---auaua</controlfield><controlfield tag="008">090529q14991500xx            00| ||ara d</controlfield><datafield tag="035" ind1=" " ind2=" "><subfield code="a">(MiU)006805232</subfield></datafield><datafield tag="035" ind1=" " ind2=" "><subfield code="a">sdr-miu006805232</subfield></datafield><datafield tag="040" ind1=" " ind2=" "><subfield code="a">MiU</subfield><subfield code="c">MiU</subfield><subfield code="e">amremm</subfield></datafield><datafield tag="043" ind1=" " ind2=" "><subfield code="a">n-us-mi</subfield></datafield><datafield tag="100" ind1="1" ind2=" "><subfield code="6">880-01</subfield><subfield code="a">Sajāwandī, Sirāj al-Dīn Muḥammad ibn Muḥammad,</subfield><subfield code="d">active 12th century.</subfield></datafield><datafield tag="245" ind1="1" ind2="3"><subfield code="6">880-03</subfield><subfield code="a">al-Sirājiyah,</subfield><subfield code="f">[905?, i.e. 1499 or 1500].</subfield></datafield><datafield tag="260" ind1=" " ind2=" "><subfield code="c">[1499 or 1500?].</subfield></datafield><datafield tag="300" ind1=" " ind2=" "><subfield code="a">71 leaves :</subfield><subfield code="b">paper ;</subfield><subfield code="c">183 x 142 (87 x 64) mm.</subfield></datafield><datafield tag="500" ind1=" " ind2=" "><subfield code="a">Shelfmark: Ann Arbor, University of Michigan, Special Collections Library, Isl. Ms. 578</subfield></datafield><datafield tag="500" ind1=" " ind2=" "><subfield code="a">Origin: As appears below colophon on p.167, transcription likely completed 905 [1499 or 1500], with the date given in numerals (numeral khamsah looking like an inverted 'B' and numeral ṣifr looking like a closed hāʼ) ; paper, etc. and birth notices on p.168 are consistent with this dating. Colophon indicates that the copy was executed by the owner, one ʻAlī ibn ʻAbdī [?] (علي بن عبدي), though the text of the colophon seems to read "...وقع الفراغ في اول رجب سنه و تسعون [؟] و خمس مائة" indicating first of Rajab 591 [ca. 11 June 1195] as a date of completion. This may represent a mistake on the part of the copyist with "... اول رجب سنه خمس وتسعمائة ..." (or something to that effect) being the intended reading. In such a case the copy may be dated to 1 Rajab 905 [ca. Febrary 1500]. Alternatively, the colophon may have been copied verbatim from another manuscript.</subfield></datafield><datafield tag="500" ind1=" " ind2=" "><subfield code="a">Accompanying materials: a. Acquisitions slip from Yahuda (pp.1-2) -- b. Inventory cataloguing slip in hand of Winifred Smeaton Thomas (pp.3-4) -- c. Numerous inserts carrying glosses (pp.11-12, 39-40, 49-50, 51-52, 57-58, 59-60, 111-112, 153-154, 155-158 [bifolium]).</subfield></datafield><datafield tag="500" ind1=" " ind2=" "><subfield code="a">Former shelfmark: From interior of upper cover and spine label "IL 160" (likely supplied by Yahuda, see acquisitions slip).</subfield></datafield><datafield tag="500" ind1=" " ind2=" "><subfield code="a">Binding: Pasteboards covered in dark brown leather ; Type II binding (with flap) ; board linings in laid paper ; upper and lower covers carry blind-stamped scalloped mandorla (filled with vegetal composition, compare Déroche class. OAi 4), along with tooled border in a series of rules ; sewn in dull pink or beige thread, two stations ; endbands virtually gone though traces of headband remain ; overall in somewhat poor condition with much abrasion, lifting and losses of leather, some pest damage, etc.</subfield></datafield><datafield tag="500" ind1=" " ind2=" "><subfield code="a">Support: non-European laid paper with 8 laid lines per cm. (vertical) and chain lines (horizontal) grouped in threes with 8-10 mm. between chains and 34-49 mm. between groups (see p.66, etc.) ; fairly thick, dense and sturdy, quite well-burnished.</subfield></datafield><datafield tag="500" ind1=" " ind2=" "><subfield code="a">Decoration: Keywords, section headings and abbreviation symbols rubricated ; written area of first few leaves surrounded by red rule-border (through p.19) ; numerous diagrams (in red and black ink) tracing inheritance arranged artistically in margins.</subfield></datafield><datafield tag="500" ind1=" " ind2=" "><subfield code="a">Script: Nastaʻlīq (talik) ; elegant Turkish [?] hand ; serifless with tilt to the right and slight effect of words descending to baseline, elongation and exaggerated thickness of horizontal strokes, freely ligatured ; colophon in script approaching taʻlīq.</subfield></datafield><datafield tag="500" ind1=" " ind2=" "><subfield code="a">Layout: Written in 3-5 lines per page, with allowance for extensive interlinear and marginal glosses arranged artisitically in geometric shapes ; frame-ruled.</subfield></datafield><datafield tag="500" ind1=" " ind2=" "><subfield code="a">Collation: i, 8 IV(64), III+1 (71), i ; almost exclusively quaternions ; catchwords present ; foliation in black ink, Hindu-Arabic numerals ; pagination in pencil, Western numerals, supplied during digitization (includes flyleaves and inserts).</subfield></datafield><datafield tag="500" ind1=" " ind2=" "><subfield code="a">Colophon: "Scribal," reads " تمت الكتاب بحمد الله وحسن توفيقه على يد عبد الضعيف المذنب [؟] الى رحمة الله تعالى وقع الفراغ في تاريخ اول رجب سنة وتسعون وخمس مائة [؟] صاحبه ومالكه علي بن عبدي [؟] تاريخ سنة 905 [؟]"</subfield></datafield><datafield tag="500" ind1=" " ind2=" "><subfield code="a">Explicit: "يرث بعضهم من بعض الا مما ورث كل واحد منهم من مال صاحبه"</subfield></datafield><datafield tag="500" ind1=" " ind2=" "><subfield code="a">Incipit: "الحمد لله حمد الشاكرين والصلوة والسلام على خير البرية محمد واله الطيبين الطاهرين قال رسول الله صلى الله عليه وسلم تعلموا الفرائض وعلموها الناس ..."</subfield></datafield><datafield tag="500" ind1=" " ind2=" "><subfield code="a">Title from inscription on upper board lining.</subfield></datafield><datafield tag="500" ind1=" " ind2=" "><subfield code="a">Ms. codex.</subfield></datafield><datafield tag="510" ind1="4" ind2=" "><subfield code="a">Ḥājjī Khalīfah. Kashf al-ẓunūn,</subfield><subfield code="c">iii 590, no.7093</subfield></datafield><datafield tag="510" ind1="4" ind2=" "><subfield code="a">Brockelmann, C. GAL,</subfield><subfield code="c">I 378-379</subfield></datafield><datafield tag="520" ind1="8" ind2=" "><subfield code="a">Elegant copy of the celebrated work on the law of inheritance by Sirāj al-Dīn Muḥammad ibn Muḥammad al-Sajāwandī (fl. 12th cent.), with extensive marginal and interlinear glosses.</subfield></datafield><datafield tag="538" ind1=" " ind2=" "><subfield code="a">Mode of access: Internet.</subfield></datafield><datafield tag="541" ind1=" " ind2=" "><subfield code="a">Acquired in 1926 from the bookseller Isaac Benjamin S.E. Yahuda via purchase transacted on his behalf by Abraham Shalom Yahuda (1877-1951), his younger brother.</subfield></datafield><datafield tag="546" ind1=" " ind2=" "><subfield code="a">Arabic.</subfield></datafield><datafield tag="561" ind1=" " ind2=" "><subfield code="a">Bookprice on upper board lining ; oval seal impression (fairly illegible) on front flyleaf verso (p.6) ; effaced statement and large almond-shaped seal impression on 'title page' (p.9) ; kabīkaj invocation [?] on 'title page' (p.9) in red ink, reads "كبى كج ..." ; extensive marginal and interlinear glosses ; talismanic inscription on p.168 ; four birth statements on p.168, for Yaʻqūb dated 924? [1518 or 19?], for Yūsuf dated 945 [1538 or 9], for Aḥmad dated 951 [1544 or 5], and for Maḥmūd 956 [1549 or 50].</subfield></datafield><datafield tag="650" ind1=" " ind2="0"><subfield code="a">Manuscripts, Arabic</subfield><subfield code="z">Michigan</subfield><subfield code="z">Ann Arbor.</subfield></datafield><datafield tag="650" ind1=" " ind2="0"><subfield code="a">Inheritance and succession (Islamic law)</subfield><subfield code="v">Early works to 1800.</subfield></datafield><datafield tag="650" ind1=" " ind2="0"><subfield code="a">Inheritance and succession (Islamic law)</subfield><subfield code="x">History</subfield><subfield code="y">15th century</subfield><subfield code="v">Sources.</subfield></datafield><datafield tag="700" ind1="0" ind2=" "><subfield code="6">880-05</subfield><subfield code="a">ʻAlī ibn ʻAbdī,</subfield><subfield code="d">fl. 1499?,</subfield><subfield code="e">scribe,</subfield><subfield code="e">former owner.</subfield></datafield><datafield tag="773" ind1="0" ind2=" "><subfield code="a">Yahuda Collection.</subfield></datafield><datafield tag="880" ind1="0" ind2=" "><subfield code="6">700-05/</subfield><subfield code="a">علي بن عبدي،</subfield><subfield code="e">ناسخ،</subfield><subfield code="e">مالك سابق.</subfield></datafield><datafield tag="880" ind1="1" ind2="2"><subfield code="6">245-03/</subfield><subfield code="a">السراجية,</subfield><subfield code="f">[905ه؟، 1499 أو 1500م؟].</subfield></datafield><datafield tag="880" ind1="1" ind2=" "><subfield code="6">100-01/</subfield><subfield code="a">سجاوندي، سراج الدين محمد بن محمد.</subfield></datafield><datafield tag="CID" ind1=" " ind2=" "><subfield code="a">006805232</subfield></datafield><datafield tag="DAT" ind1="0" ind2=" "><subfield code="a">20190719102637.0</subfield><subfield code="b">20190719000000.0</subfield></datafield><datafield tag="DAT" ind1="1" ind2=" "><subfield code="a">20190719090653.0</subfield><subfield code="b">2019-07-19T16:11:34Z</subfield></datafield><datafield tag="DAT" ind1="2" ind2=" "><subfield code="a">2015-10-02T18:00:03Z</subfield></datafield><datafield tag="CAT" ind1=" " ind2=" "><subfield code="a">SDR-MIU</subfield><subfield code="d">EX LIBRIS - ALEPH</subfield><subfield code="l">prepare.pl-004-008</subfield></datafield><datafield tag="FMT" ind1=" " ind2=" "><subfield code="a">BK</subfield></datafield><datafield tag="HOL" ind1=" " ind2=" "><subfield code="0">sdr-miu006805232</subfield><subfield code="a">MiU</subfield><subfield code="b">SDR</subfield><subfield code="c">MIU</subfield><subfield code="p">mdp.39015079127059</subfield><subfield code="s">MIU</subfield><subfield code="1">006805232</subfield></datafield><datafield tag="974" ind1=" " ind2=" "><subfield code="b">MIU</subfield><subfield code="c">MIU</subfield><subfield code="d">20190719</subfield><subfield code="s">lit-dlps-dc</subfield><subfield code="u">mdp.39015079127059</subfield><subfield code="y">1500</subfield><subfield code="r">pd</subfield><subfield code="q">bib</subfield><subfield code="t">non-US bib date2 &lt; 1879</subfield></datafield></record></collection>